@article{Almond,
  title = {{El estudio de la cultura politica}},
  author = {Almond, Gabriel},
  year = {1988},
  journal = {Revista de Ciencia Pol\'itica},
  volume = {10},
  number = {2},
  pages = {77--89},
  issn = {0718-090X},
  copyright = {Derechos de autor 0},
  langid = {spanish},
  keywords = {...,Chile,democracia,Instituto de Historia,política,Pontificia Universidad Católica de Chile},
  file = {C\:\\Users\\nacho\\Zotero\\storage\\33R9JGJD\\Almond - 1988 - El estudio de la cultura politica.pdf}
}

@book{almondCivicCulturePolitical1963,
  title = {The {{Civic Culture}}: {{Political Attitudes}} and {{Democracy}} in {{Five Nations}}},
  shorttitle = {The {{Civic Culture}}},
  author = {Almond, Gabriel A. and Verba, Sidney},
  year = {1963},
  publisher = {{Princeton University Press}},
  abstract = {The book description for "The Civic Culture" is currently unavailable.},
  isbn = {978-0-691-07503-7}
}

@article{Altman,
  title = {Desafecci\'on C\'ivica, Polarizaci\'on Ideol\'ogica y Calidad de La Democracia: Una Introducci\'on al {{Anuario Pol\'itico}} de {{Am\'erica Latina}}},
  shorttitle = {Desafecci\'on C\'ivica, Polarizaci\'on Ideol\'ogica y Calidad de La Democracia},
  author = {Altman, David and Luna, Juan Pablo},
  year = {2007},
  journal = {Revista de ciencia pol\'itica (Santiago)},
  volume = {27},
  number = {ESP},
  pages = {3--28},
  publisher = {{Pontificia Universidad Cat\'olica de Chile. Instituto de Ciencia Pol\'itica}},
  issn = {0718-090X},
  doi = {10.4067/S0718-090X2007000100001},
  file = {C\:\\Users\\nacho\\Zotero\\storage\\NXNKQVC7\\scielo.html}
}

@article{Arevalo,
  title = {{La encrucijada de la democracia chilena: una aproximaci\'on conceptual a la desafecci\'on pol\'itica}},
  shorttitle = {{La encrucijada de la democracia chilena}},
  author = {Ar{\'e}valo, Roberto Mardones},
  year = {2014},
  journal = {Papel pol\'itico},
  volume = {19},
  number = {1},
  pages = {39--59},
  publisher = {{Facultad de Ciencias Pol\'iticas y Relaciones Internacionales}},
  issn = {0122-4409},
  abstract = {Autor\'ia: Roberto Mardones Ar\'evalo. Localizaci\'on: Papel pol\'itico. N\textordmasculine. 1, 2014. Art\'iculo de Revista en Dialnet.},
  chapter = {Papel pol\'itico},
  langid = {spanish},
  file = {C\:\\Users\\nacho\\Zotero\\storage\\J6XIZQXV\\articulo.html}
}

@book{Avendano,
  title = {{El sistema pol\'itico de Chile}},
  author = {Avenda{\~n}o, Octavio and Huneeus, Carlos},
  year = {2018},
  publisher = {{LOM Ediciones}},
  abstract = {A tres d\'ecadas de la realizaci\'on del plebiscito del 5 de octubre de 1988, que culminara con la victoria de la opci\'on \guillemotleft No\guillemotright, promovida por los opositores al r\'egimen militar, este libro ofrece un balance sobre los rasgos adoptados por el sistema pol\'itico chileno configurado a partir de ese evento y que se ha venido proyectando hasta el momento actual. En doce cap\'itulos, se abordan aspectos espec\'ificos de su funcionamiento, tales como el car\'acter semisoberano de la democracia, el poder adquirido por la presidencia, las atribuciones del Congreso Nacional, la din\'amica del sistema de partidos, la cultura c\'ivica, las elecciones, los medios de comunicaci\'on, las pol\'iticas p\'ublicas, la representaci\'on de intereses, el Tribunal Constitucional y el Poder Judicial.},
  isbn = {978-956-00-1174-9},
  langid = {spanish},
  keywords = {Political Science / Essays}
}

@incollection{bargsted-sommaCulturaPolitica2018,
  title = {La Cultura Pol\'itica, Diagn\'ostico y Evoluci\'on},
  author = {Bargsted, Mat{\'i}as and Somma, Nicol{\'a}s},
  year = {2018},
  month = aug,
  pages = {193--224},
  abstract = {Este an\'alisis tiene un doble objetivo. En primer lugar, buscamos analizar en qu\'e medida los chilenos valoran y/o prefieren la democracia versus otras formas de gobierno, as\'i como la evaluaci\'on concreta que tienen del funcionamiento de la democracia en el pa\'is. Esta tambi\'en es fundamental para Chile: uno de los procesos pol\'iticos m\'as relevantes de las \'ultimas d\'ecadas en el pa\'is ha sido la transici\'on y consolidaci\'on de la democracia (Linz y Stepan, 1996). Si bien algunos estudios comparados a nivel regional destacan la trayectoria exitosa de la democracia chilena, otros identifican serias limitaciones en su dise\~no institucional y las acciones subsecuentes de las \'elites pol\'iticas (Huneeus, 2014; Garret\'on y Garret\'on, 2010). En segundo t\'ermino, tambi\'en interesa saber c\'omo se orientan los chilenos hacia la esfera pol\'itica; esto es, cu\'anto apego sienten hacia la pol\'itica, en qu\'e medida la pol\'itica les atrae e interesa y forma parte de sus vidas cotidianas, y hasta qu\'e punto conf\'ian y se identifican con los actores pol\'iticos e institucionales. Lo anterior es relevante porque durante los \'ultimos a\~nos la literatura y la discusi\'on p\'ublica han enfatizado el escaso y decreciente apego de los chilenos hacia la pol\'itica (Huneeus, 1998; Joignant, 2003; Silva, 2004; Madrid, 2006; Carlin, 2006; Luna y Altman, 2011). Aqu\'i se presenta un diagn\'ostico bastante m\'as complejo.},
  isbn = {978-956-00-1068-1},
  file = {C\:\\Users\\nacho\\Zotero\\storage\\UDXV6C63\\Bargsted and Somma - 2018 - La cultura política, diagnóstico y evolución.pdf}
}

@article{bargstedPoliticalTrustLatin2014,
  title = {Political Trust in {{Latin America}}},
  author = {Bargsted, Matias and Somma, Nicol{\'a}s M. and Castillo, Juan Carlos},
  year = {2014},
  abstract = {Bargsted, Castillo and Somma. 2014. Political trust in Latin America (preliminary version)},
  langid = {english},
  file = {C\:\\Users\\nacho\\Zotero\\storage\\6KWZTRT7\\Bargsted_Castillo_and_Somma_2014_Political_trust_in_Latin_America_preliminary_version_.html}
}

@article{bargstedSocialCleavagesPolitical2013,
  title = {Social Cleavages and Political Dealignment in Contemporary {{Chile}}, 1995\textendash 2009},
  author = {Bargsted, Mat{\'i}as A. and Somma, Nicol{\'a}s M.},
  year = {2013},
  journal = {Party Politics},
  volume = {22},
  number = {1},
  pages = {105},
  issn = {1354-0688},
  abstract = {There is abundant research on how social cleavages shape political preferences in developed countries with uninterrupted democracies, but we know less about this topic for middle income countries with recently restored democracies. In this analysis},
  langid = {english},
  file = {C\:\\Users\\nacho\\Zotero\\storage\\9XYSTRS8\\Social_cleavages_and_political_dealignment_in_contemporary_Chile_1995_2009.html}
}

@incollection{Barozet,
  title = {{Entre la urna, las redes sociales y la calle: las relaciones entre movimientos sociales y partidos pol\'iticos en el Chile democr\'atico}},
  booktitle = {{La gran ruptura: Institucionalidad pol\'itica y actores sociales en el Chile del Siglo XXI}},
  author = {Barozet, Emmanuelle},
  year = {2016},
  publisher = {{LOM Ediciones}},
  abstract = {En Chile, el movimiento por los derechos sociales, pol\'iticos y culturales se ha mostrado irreductible a las formas de representaci\'on y de poder real que propone el sistema pol\'itico institucional. Para ning\'un actor es sencilla la tarea. Por un lado, el enorme movimiento social alcanza gran legitimidad en la defensa de los derechos, pero resulta incapaz de construir un argumento en perspectiva de poder pol\'itico ciudadano, para as\'i disputar el poder constituyente-democratizador. Por otro lado, los actores pol\'iticos cl\'asicos (partidos, elites) gozan del mayor poder institucional, pero atraviesan por un proceso profundo de crisis. Ante dicha escena, los autores y autoras de este libro indagan en m\'ultiples dimensiones que forman parte de este nudo sociol\'ogico, pol\'itico e hist\'orico: la estructura econ\'omica, el componente cultural de lo social, y las formaciones pol\'iticas en transici\'on. Sin excepci\'on, coinciden en el diagn\'ostico de ruptura; es decir, concluyen en el car\'acter estructural de la crisis.},
  googlebooks = {lcCEDwAAQBAJ},
  isbn = {978-956-00-1084-1},
  langid = {spanish},
  keywords = {Social Science / Essays}
}

@article{Bianchini,
  title = {\textquestiondown{{Mi}} Definici\'on de Democracia Impacta En Mi Apoyo a La Democracia?},
  author = {Bianchini, Gonzalo and Navia, Patricio and Barrueto, Felipe},
  year = {2021},
  month = nov,
  journal = {Revista de Estudios Pol\'iticos y Sociales},
  volume = {9},
  abstract = {Analizamos el efecto de la definici\'on de democracia que manejan las personas en el apoyo efectivo a las democracias. Usando la encuesta Lapop en Am\'erica Latina de 2006 (23.190 casos, 16 pa\'ises), identificamos las tipolog\'ias de democracia m\'as prevalentes y estimamos modelos probit y MCO para medir su impacto sobre el apoyo a la democracia en 4 dimensiones: compromiso con valores democr\'aticos, desempe\~no del r\'egimen, apoyo a las instituciones, respaldo y confianza en las autoridades. Reportamos que personas con definiciones minimalistas de democracia la apoyan m\'as en las cuatro dimensiones, especialmente en cuanto a valores democr\'aticos. En cambio, tipolog\'ias con definiciones m\'as ambiciosas no presentan diferencias significativas en las cuatro dimensiones, aunque los que la definen desde concepciones maximalistas en general la apoyan menos que el resto. La definici\'on de democracia que tienen las personas impacta en su apoyo al r\'egimen democr\'atico.},
  file = {C\:\\Users\\nacho\\Zotero\\storage\\R59KBU54\\Bianchini et al. - 2021 - ¿Mi definición de democracia impacta en mi apoyo a.pdf}
}

@article{bianchiniMiDefinicionDemocracia2021,
  title = {\textquestiondown{{Mi}} Definici\'on de Democracia Impacta En Mi Apoyo a La Democracia?},
  author = {Bianchini, Gonzalo and Navia, Patricio and Barrueto, Felipe},
  year = {2021},
  month = nov,
  journal = {Revista de Estudios Pol\'iticos y Sociales},
  volume = {9},
  abstract = {Analizamos el efecto de la definici\'on de democracia que manejan las personas en el apoyo efectivo a las democracias. Usando la encuesta Lapop en Am\'erica Latina de 2006 (23.190 casos, 16 pa\'ises), identificamos las tipolog\'ias de democracia m\'as prevalentes y estimamos modelos probit y MCO para medir su impacto sobre el apoyo a la democracia en 4 dimensiones: compromiso con valores democr\'aticos, desempe\~no del r\'egimen, apoyo a las instituciones, respaldo y confianza en las autoridades. Reportamos que personas con definiciones minimalistas de democracia la apoyan m\'as en las cuatro dimensiones, especialmente en cuanto a valores democr\'aticos. En cambio, tipolog\'ias con definiciones m\'as ambiciosas no presentan diferencias significativas en las cuatro dimensiones, aunque los que la definen desde concepciones maximalistas en general la apoyan menos que el resto. La definici\'on de democracia que tienen las personas impacta en su apoyo al r\'egimen democr\'atico.},
  file = {C\:\\Users\\nacho\\Zotero\\storage\\5A2DMZIV\\Bianchini et al. - 2021 - ¿Mi definición de democracia impacta en mi apoyo a.pdf}
}

@incollection{Cabrera,
  title = {La {{Investigaci\'on Hist\'orica}} y El {{Concepto}} de {{Cultura Pol\'itica}}},
  author = {Cabrera, Miguel A},
  year = {2010},
  month = jan
}

@book{COES,
  title = {Radiograf\'ia Del Cambio Social 2016 - 2021},
  author = {COES},
  year = {2021},
  abstract = {Resultados ELSOC 2016-2021},
  file = {C\:\\Users\\nacho\\Zotero\\storage\\U2CM5N2Z\\política-y-ciudadanía.html}
}

@techreport{COESa,
  title = {Radiograf\'ia Del {{Cambio Social ELSOC}} 2016-2021},
  author = {COES},
  year = {2021},
  file = {C\:\\Users\\nacho\\Zotero\\storage\\FT6C2SFH\\view.html}
}

@book{Dalton,
  title = {Democratic {{Challenges}}, {{Democratic Choices}} : {{The Erosion}} of {{Political Support}} in {{Advanced Industrial Democracies}}: {{The Erosion}} of {{Political Support}} in {{Advanced Industrial Democracies}}},
  shorttitle = {Democratic {{Challenges}}, {{Democratic Choices}}},
  author = {Dalton, Russell J.},
  year = {2004},
  month = mar,
  publisher = {{Oxford University Press, UK}},
  abstract = {Most democratic citizens today are now questioning the very pillars of representative democracy. Democratic Challenges, Democratic Choices uses an unprecedented array of cross-national public opinion surveys to document the erosion of political support in virtually all Western democracies. These trends are making governing more difficult, but also fueling demands for political reform that may lead to a further expansion of the democratic process and a new democratic relationship between citizens and their governments. - ;Most democratic citizens today are distrustful of politicians, political parties, and political institutions. Where once democracies expected an allegiant public, citizens now question the very pillars of representative democracy. Democratic Challenges, Democratic Choices documents the erosion of political support in virtually all advanced industrial democracies. Assembling an unprecedented array of cross-national public opinion data, this study traces the current challenges to democracy primary to changing citizen values and rising expectations. These critical citizens are concentrated among the young, the better educated, and the politically sophisticated. At the same time, the evidence debunks claims that such trends are a function of scandals, poor performance, and other government failures. Changing public are born from the successful social modernization of these nations. A creedal passion for democracy is sweeping across the Western democracies, and people now expect more of their governments. This study concludes by examining the consequences of these changing images of government. The author finds that these expectations are making governing more difficult, but also fueling demands for political reform. The choices that democracies make in response to these challenges may lead to a further expansion of the democratic process and a new relationship between citizens and their government - ;We are not alone, writes Professor Russell Dalton in this sobering new book: the steady decline in citizen support for democratic systems and institutions....is affecting almost all advanced industrial democracies. Dating from the early 1960s, roughly the time of John Kennedys assassination, citizen trust in government, politicians, and political institutions in the U.S. and its sister democracies has marched downward with dismaying regularity. As demands on government increase and become more complex, rising expectations are more difficult to satisfy and democratic citizens are increasingly dissatisfied. Eroding trust in government threatens government legitimacy, the very bedrock of democracy. Professor Daltons dramatic findings should be required reading for every elected official and for every citizen concerned with democracys future. - Gary Hart, United States Senator (Ret.)},
  googlebooks = {TW9NWWFNbgsC},
  isbn = {978-0-19-926843-6},
  langid = {english},
  keywords = {Political Science / General}
}

@book{daltonCivicCultureTransformed2014,
  title = {The Civic Culture Transformed : From Allegiant to Assertive Citizens - {{European University Institute Library}}},
  shorttitle = {The Civic Culture Transformed},
  author = {Dalton, Russell J. and Welzel, Christian},
  year = {2014},
  abstract = {This book re-evaluates Almond, Verba, and Pye's original ideas about the shape of a civic culture that supports democracy. Marshaling a massive amount of cross-national, longitudinal public opinion data from the World Values Survey Association, the authors demonstrate multiple manifestations of a deep shift in the mass attitudes and behaviors that undergird democracy. The chapters in this book show that in dozens of countries around the world, citizens have turned away from allegiance toward a decidedly 'assertive' posture to politics: they have become more distrustful of electoral politics, institutions, and representatives and are more ready to confront elites with demands from below. Most importantly, societies that have advanced the most in the transition from an allegiant to an assertive model of citizenship are better-performing democracies - in terms of both accountable and effective governance--},
  langid = {english},
  file = {C\:\\Users\\nacho\\Zotero\\storage\\89KQ6X9U\\NZ-G8KkU0TQ.html}
}

@book{Easton,
  title = {A {{Framework}} for {{Political Analysis}}},
  author = {Easton, David},
  year = {1965},
  publisher = {{Prentice-Hall}},
  abstract = {"A framework for political analysis by David Easton develops a method for analyzing the basic processes by which political systems, regardless of generic or specific types, seek to adapt and prevail as systems of behavior in a world of either stability or change. It establishes an organized system of concepts which not only forms an introduction to a behavioral theory of politics, but offers a framework for what can be termed a systems analysis of political life. It represents the first comprehensive statement of a formal framework interpreting politics as a system of social behavior, and as such, offers much valuable material for empirical investigators and theoreticians in the social and political fields. Beginning with an identification of the assumptions from which politics are defined as a system of behavior, this work then proceeds to develop a structure of concepts. Focusing largely on the dynamic aspects of systems, the author examines the kinds of processes characteristic of political systems. He organizes a consistent structure of concepts to fit the kind of system that political life constitutes. This work offers a clear pathway to a general theory of political life, a manner of analysis for understanding the behavior of all kinds of political systems: small or large, developing or traditional, modern or primitive, industrial or agrarian, democratic or totalitarian. It provides a set of categories for research and analysis that can be effectively used by anyone concerned with the study of politics, regardless of specific field - whether public administration, political science, sociology, or anthropology - and as such, forms a contribution of inestimable value to the study of political life" -- Dust jacket.},
  googlebooks = {JK6aAAAAIAAJ},
  langid = {english}
}

@book{ELSOC,
  title = {4.2 {{Fichas T\'ecnicas}} | {{Manual Metodol\'ogico ELSOC}} 2016-2021},
  author = {ELSOC, Equipo},
  year = {2021},
  abstract = {4.2 Fichas T\'ecnicas | Manual Metodol\'ogico ELSOC 2016-2021},
  file = {C\:\\Users\\nacho\\Zotero\\storage\\PU5ZNIUP\\fichas-técnicas.html}
}

@book{ELSOCa,
  title = {2.1 {{Dise\~no}} Muestral {{Muestra}} Original | {{Manual Metodol\'ogico ELSOC}} 2016-2021},
  author = {ELSOC, Equipo},
  abstract = {2.1 Dise\~no muestral Muestra original | Manual Metodol\'ogico ELSOC 2016-2021},
  file = {C\:\\Users\\nacho\\Zotero\\storage\\8Z7A25BM\\dis_muest_original.html}
}

@misc{fernandezEspacioPublicoDisputa2013,
  title = {El Espacio P\'ublico En Disputa: {{Manifestaciones}} Pol\'iticas, Ciudad y Ciudadan\'ia En El {{Chile}} Actual},
  author = {Fern{\'a}ndez, Roberto},
  year = {2013},
  month = jun,
  abstract = {A partir del a\~no 2011 se han venido desarrollando en Chile y en el mundo una serie de manifestaciones pol\'iticas que se han caracterizado por una masiva apropiaci\'on del espacio p\'ublico. En el presente trabajo, se revisan algunas caracter\'isticas de esta apropiaci\'on urbana y se propone que los usos del espacio p\'ublico para la manifestaci\'on pol\'itica en la actualidad en Chile no solamente definen las formas de acci\'on contempor\'aneas de los movimientos sociales, sino que participan de una reconfiguraci\'on de la ciudadan\'ia. Esta ciudadan\'ia se estar\'ia alejando del tipo de ciudadano impuesto en las dos \'ultimas d\'ecadas en el contexto del modelo cultural de la reconciliaci\'on nacional, caracterizado por su alejamiento de la conflictividad social y de la ciudad como espacio para expresarse pol\'iticamente. Las recientes manifestaciones pol\'iticas en Chile permiten pensar que ese tipo de ciudadano est\'a siendo reemplazado por una ciudadan\'ia mucho m\'as activa, cr\'itica al sistema econ\'omico y pol\'itico, orientada a una mayor democratizaci\'on y justicia social, y que se constituye en un uso intensivo del espacio p\'ublico.},
  howpublished = {https://www.scielo.cl/scielo.php?pid=S0718-69242013000200004\&script=sci\_arttext\&tlng=pt},
  file = {C\:\\Users\\nacho\\Zotero\\storage\\P9MV7MDE\\scielo.html}
}

@article{gallegoramosComoSeConstruye2018,
  title = {C\'omo Se Construye El Marco Te\'orico de La Investigaci\'on},
  author = {Gallego Ramos, Jos{\'e}},
  year = {2018},
  month = nov,
  journal = {Cadernos de Pesquisa},
  volume = {48},
  pages = {830--854},
  doi = {10.1590/198053145177},
  abstract = {Este art\'iculo tiene una finalidad pr\'actica: presentar a los estudiantes e investigadores un grupo de estrategias que les faciliten la construcci\'on del marco te\'orico y su articulaci\'on con las otras partes de la investigaci\'on. El centro de la propuesta radica en la identificaci\'on y superaci\'on de tres problemas b\'asicos: 1) la correcta determinaci\'on del objeto de estudio, 2) la distribuci\'on de los contenidos te\'oricos en las distintas partes de la investigaci\'on y 3) la selecci\'on de los contenidos imprescindibles que deben constituir el marco te\'orico, con tres dimensiones: hist\'orico-contextual, conceptual y metodol\'ogica. This article has a practical purpose: to provide students and researchers with a set of strategies aimed at facilitating the building of a theoretical framework and its integration with the other parts of the study. This proposal is based on the identification and solution of three basic issues: 1) defining the object of study; 2) distributing the theoretical content into the different parts of the study; and 3) selecting the theoretical content of the study, which should be an integral part of the theoretical framework and include three dimensions: historical-contextual, conceptual and methodological. RESEARCH \textbullet{} THEORY \textbullet{} METHODOLOGY \textbullet{} RESEARCH PROJECT},
  file = {C\:\\Users\\nacho\\Zotero\\storage\\HKY5RNFB\\Gallego Ramos - 2018 - Cómo se construye el marco teórico de la investiga.pdf}
}

@book{Garreton,
  title = {La Gran Ruptura},
  author = {Garret{\'o}n, Manuel Antonio},
  year = {2016},
  edition = {First},
  publisher = {{LOM Ediciones}},
  address = {{Santiago, Chile}}
}

@book{Garretona,
  title = {Incomplete {{Democracy}}: {{Political Democratization}} in {{Chile}} and {{Latin America}}},
  author = {Garret{\'o}n, Manuel Antonio},
  year = {2003},
  publisher = {{The University of North Carolina Press}},
  file = {C\:\\Users\\nacho\\Zotero\\storage\\VYJJR5SP\\books.html}
}

@article{garretonDemocraciaIncompletaChile2010,
  title = {{La democracia incompleta en Chile: La realidad tras los rankings internacionales}},
  shorttitle = {{La democracia incompleta en Chile}},
  author = {Garret{\'o}n, Manuel Antonio and Garret{\'o}n, Roberto},
  year = {2010},
  month = apr,
  journal = {Revista de Ciencia Pol\'itica},
  volume = {30},
  number = {1},
  pages = {115--148},
  issn = {0718-090X},
  doi = {10.4067/S0718-090X2010000100007},
  abstract = {Chile has a very good image on international rankings about its transition to democracy and democratic performance. Despite it, the Chilean case is still a case of incomplete democracy, due to the authoritarian enclaves inherited from the military dictatorship and not yet totally overcome. Analyzed through constitutional, electoral and citizen dimensions of democracy, the Chilean one shows a contradiction between the significant achievements under Concertaci\'on government in almost twenty years and the weaknesses of this three dimensions. These weaknesses originated in the limits to popular sovereignty grounded on the Constitution where it was consecrated political exclusions through the electoral bi-nominal system. This generated an institutional design which leads to severe restrictions both factual and normative in political participation. Finally, the citizen dimension of democracy confronts several problems concerning civil rights of minorities, socio-economic inequalities, electoral participation and lack of social participation institutions.},
  copyright = {Derechos de autor 2010},
  langid = {spanish},
  keywords = {Participación},
  file = {C\:\\Users\\nacho\\Zotero\\storage\\W8BFFZHI\\Garretón and Garretón - 2010 - La democracia incompleta en Chile La realidad tra.pdf}
}

@book{GarretonM,
  title = {{Las ciencias sociales en la trama de Chile y Am\'erica Latina: estudios sobre transformaciones sociopol\'iticas y movimiento social}},
  shorttitle = {{Las ciencias sociales en la trama de Chile y Am\'erica Latina}},
  author = {Garret{\'o}n M, Manuel Antonio},
  year = {2014},
  series = {{Ciencias sociales y humanas}},
  edition = {Primera edici\'on.},
  publisher = {{LOM Ediciones}},
  address = {{Santiago de Chile}},
  isbn = {978-956-00-0572-4},
  langid = {spanish},
  keywords = {1973-,América Latina,Chile,Movimientos sociales,Política y gobierno,Siglo 20,Siglo 21}
}

@article{Gutierrez,
  title = {La Inscripci\'on Electoral de Los J\'ovenes En {{Chile}}: {{Factores}} de Incidencia y Aproximaciones al Debate},
  shorttitle = {La Inscripci\'on Electoral de Los J\'ovenes En {{Chile}}},
  author = {Guti{\'e}rrez, Gloria Angela Niebles},
  year = {2007},
  month = jan,
  abstract = {La inscripci\'on electoral de los j\'ovenes en Chile: Factores de incidencia y aproximaciones al debate},
  langid = {english}
}

@article{Huneeus,
  title = {{{MALESTAR Y DESENCANTO EN CHILE}}. {{Legados}} Del Autoritarismo y Costos de La Transici\'on, {{Noviembre}} de 1998},
  author = {Huneeus, Carlos},
  year = {2020},
  month = sep,
  abstract = {El texto, no publicado, escrito en septiembre-octubre de 1998, analiza las causas y manifestaciones del malestar y el desencanto que exist\'ia en la sociedad chilena despu\'es de la dictadura, expresada en las encuestas de opini\'on del CERC y en las elecciones parlamentarias de 1997, con la ca\'ida de la participaci\'on y el fuerte aumento de los voto nulos y blancos. El malestar contradec\'ia la tesis de que el crecimiento generaba bienes pol\'iticos (satisfacci\'on con la democracia, participaci\'on y apoyo a los partidos) y se deb\'ia, entre otros factores, a los legados econ\'omicos de la dictadura, que impuso un sistema econ\'omico de neoliberalismo radical que no fue interpelado por los gobiernos democr\'aticos de la Concertaci\'on. Tambi\'en se debi\'o a otras decisiones pol\'iticas, destacando la pol\'itica del consenso, el papel de la tecnocracia y el descuido a las exigencias pol\'itica de la democratizaci\'on. El malestar y el desencanto se mantendr\'ian como expresiones de un conflicto latente, que se har\'a manifiesto el 2011 con las movilizaciones estudiantiles y el 18 de octubre de 2019, ``el estallido social''. El argumento fue expandido y con una amplia fundamentaci\'on en mi libro La democracia semisoberana. Chile despu\'es de Pinochet. Santiago: Debate (2014). El art\'iculo mantiene actualidad al mostrar que el desarrollo pol\'itico se desacopl\'o tempranamente del crecimiento econ\'omico, dos d\'ecadas antes que el estallido social, y porque desmiente a quienes se quejan de que ``nadie predijo'' el estallido social. Se reproduce el texto original sin cambios, con excepci\'on de los gr\'aficos, incorporando resultados de escuestas posteriores a 1998.},
  file = {C\:\\Users\\nacho\\Zotero\\storage\\YSTZQNCQ\\Huneeus - 2020 - MALESTAR Y DESENCANTO EN CHILE. Legados del autori.pdf}
}

@book{Huntington,
  title = {The {{Third Wave}}: {{Democratization}} in the {{Late Twentieth Century}}},
  shorttitle = {The {{Third Wave}}},
  author = {Huntington, Samuel P.},
  year = {1993},
  month = jan,
  publisher = {{University of Oklahoma Press}},
  abstract = {Between 1974 and 1990 more than thirty countries in southern Europe, Latin America, East Asia, and Eastern Europe shifted from authoritarian to democratic systems of government. This global democratic revolution is probably the most important political trend in the late twentieth century. In The Third Wave, Samuel P. Huntington analyzes the causes and nature of these democratic transitions, evaluates the prospects for stability of the new democracies, and explores the possibility of more countries becoming democratic. The recent transitions, he argues, are the third major wave of democratization in the modem world. Each of the two previous waves was followed by a reverse wave in which some countries shifted back to authoritarian government. Using concrete examples, empirical evidence, and insightful analysis, Huntington provides neither a theory nor a history of the third wave, but an explanation of why and how it occurred. Factors responsible for the democratic trend include the legitimacy dilemmas of authoritarian regimes; economic and social development; the changed role of the Catholic Church; the impact of the United States, the European Community, and the Soviet Union; and the "snowballing" phenomenon: change in one country stimulating change in others. Five key elite groups within and outside the nondemocratic regime played roles in shaping the various ways democratization occurred. Compromise was key to all democratizations, and elections and nonviolent tactics also were central. New democracies must deal with the "torturer problem" and the "praetorian problem" and attempt to develop democratic values and processes. Disillusionment with democracy, Huntington argues, is necessary to consolidating democracy. He concludes the book with an analysis of the political, economic, and cultural factors that will decide whether or not the third wave continues. Several "Guidelines for Democratizers" offer specific, practical suggestions for initiating and carrying out reform. Huntington's emphasis on practical application makes this book a valuable tool for anyone engaged in the democratization process. At this volatile time in history, Huntington's assessment of the processes of democratization is indispensable to understanding the future of democracy in the world.},
  googlebooks = {6REC58gdt2sC},
  isbn = {978-0-8061-2516-9},
  langid = {english},
  keywords = {History / Modern / 20th Century,Political Science / History \& Theory,Political Science / Political Ideologies / Democracy}
}

@book{Inglehart,
  title = {The {{Silent Revolution}}},
  author = {Inglehart, Robert},
  year = {1977},
  isbn = {978-0-691-64151-5},
  langid = {english}
}

@book{inglehartModernizationPostmodernization1997a,
  title = {Modernization and Postmodernization},
  author = {Inglehart, Robert},
  year = {1997},
  publisher = {{Princeton University Press}},
  address = {{Princeton, New Jersey}},
  isbn = {978-0-691-01180-6}
}

@techreport{INJUV,
  title = {Informe General de Resultados 10\textdegree{} {{Encuesta Nacional}} de {{Juventudes}}},
  author = {INJUV},
  year = {2022}
}

@misc{InstitutoNacionaldeEstadisticas,
  title = {Caracter\'isticas de La Poblaci\'on},
  author = {{Instituto Nacional de Estad{\'i}sticas}},
  journal = {Default},
  howpublished = {http://www.ine.gob.cl/ine-ciudadano/definiciones-estadisticas/poblacion/caracteristicas-de-la-poblacion},
  file = {C\:\\Users\\nacho\\Zotero\\storage\\YFRMX9F9\\caracteristicas-de-la-poblacion.html}
}

@book{jorgeCulturaPoliticaDemocracia2009,
  title = {Cultura Politica y Democracia En {{Argentina}}},
  author = {Jorge, Jos{\'e} E.},
  year = {2009},
  series = {Colecci\'on {{Sociales}}},
  edition = {Editorial de la Universidad Nacional de La Plata (EDULP)},
  abstract = {La cultura pol\'itica comprende las ideas, valores y h\'abitos de individuos y grupos referidos al proceso pol\'itico, sus actores e instituciones. El renovado inter\'es por su estudio coincide con la historia reciente de expansi\'on de la democracia: desde mediados de la d\'ecada de los setenta, alrededor de ochenta pa\'ises adoptaron esa forma de gobierno en un lapso de veinticinco a\~nos. En estas sociedades, como la argentina y la mayor\'ia de las latinoamericanas, una cultura pol\'itica democr\'atica parece ser esencial para la persistencia y la calidad del sistema, tanto como pueden serlo las cuestiones econ\'omicas e institucionales. El potencial transformador de esas nuevas experiencias democr\'aticas no oculta los problemas que, como vemos en Am\'erica Latina, afrontan muchas de ellas para responder a las expectativas creadas con su instauraci\'on. El establecimiento de una democracia electoral no abre el paso autom\'aticamente a instituciones efectivas, que den respuesta a las demandas y preferencias de la gente y act\'uen eficazmente para solucionar los problemas del pa\'is. Es en la estabilidad, profundidad y efectividad de la democracia, m\'as all\'a del peri\'odico ejercicio electoral, donde la cultura pol\'itica cumple un rol prominente. El libro se divide en dos partes. La primera aborda las cuestiones te\'oricas generales. El Cap\'itulo 1 repasa el fen\'omeno de expansi\'on global de la democracia que tuvo lugar desde mediados de los a\~nos setenta, as\'i como los aportes y limitaciones de los modelos utilizados en su an\'alisis, para finalizar con un balance de m\'as de un cuarto de siglo de democracia en la Argentina. El Cap\'itulo 2 se ocupa de los enfoques te\'oricos para el estudio de la cultura pol\'itica. Examina el origen y evoluci\'on del concepto y las principales hip\'otesis y teor\'ias sobre las que se apoya la investigaci\'on. La segunda parte trata, sobre una base emp\'irica, algunos de los temas m\'as importantes de la cultura pol\'itica argentina. El Cap\'itulo 3 pone brevemente en perspectiva hist\'orica la experiencia iniciada en 1983. A partir del Cap\'itulo 4, que enfoca la cuesti\'on del apoyo a la democracia y la evaluaci\'on de su desempe\~no por parte de los argentinos, se recurre a datos proporcionados por conocidas encuestas transnacionales para cubrir el periodo que se extiende desde la recuperaci\'on de la democracia hasta la actualidad. Los an\'alisis se fundan en procesamientos propios de las bases de datos oficiales de la Encuesta Mundial de Valores y, de manera complementaria, en los sucesivos informes de Latinobar\'ometro. Junto a los estudios descriptivos y a las t\'ecnicas tradicionales de an\'alisis multivariado, se construyen modelos de regresi\'on para indagar los nexos causales sobre algunos de los principales fen\'omenos abordados. El Cap\'itulo 5 describe e interpreta la crisis de confianza en las instituciones pol\'iticas, mientras que el Cap\'itulo 6 hace lo propio con la evoluci\'on del inter\'es por la pol\'itica desde la restauraci\'on democr\'atica. La participaci\'on en organizaciones voluntarias y la confianza interpersonal se hallan entre los principales componentes del capital social de los argentinos sobre los que profundiza el Cap\'itulo 7. \'Este explora los factores causales relacionados con la inserci\'on en asociaciones civiles, la confianza generalizada y el activismo pol\'itico no convencional. El Cap\'itulo 8 constituye una aproximaci\'on al estudio de las diferencias regionales de cultura pol\'itica en el pa\'is. Presenta los resultados generales de la Encuesta Comunicaci\'on y Cultura Pol\'itica en el Gran La Plata, dirigida por el autor a mediados de 2008, y los compara con las caracter\'isticas del contexto nacional y de algunas grandes subdivisiones de la sociedad argentina que surgen de las encuestas internacionales. El Ep\'ilogo ofrece una visi\'on sumaria de los hallazgos y conclusiones obtenidos.},
  isbn = {978-950-34-0539-0},
  file = {C\:\\Users\\nacho\\Zotero\\storage\\ABV5VMNH\\46396.html}
}

@incollection{Klingemann,
  title = {Dissatisfied {{Democrats}}: {{Democratic Maturation}} in {{Old}} and {{New Democracies}}},
  booktitle = {The Civic Culture Transformed: {{From Allegiant}} to {{Assertive Citizens}}},
  author = {Klingemann, Hans-Dieter},
  year = {2014},
  address = {{United States}}
}

@article{larrainChangesChileanIdentity2006,
  title = {Changes in {{Chilean}} Identity: Thirty Years after the Military Coup},
  shorttitle = {Changes in {{Chilean}} Identity},
  author = {Larra{\'i}n, Jorge},
  year = {2006},
  month = apr,
  journal = {Nations and Nationalism},
  volume = {12},
  number = {2},
  pages = {321--338},
  issn = {1354-5078, 1469-8129},
  doi = {10.1111/j.1469-8129.2006.00243.x},
  langid = {english}
}

@book{larrainIdentidadChilena2001,
  title = {Identidad Chilena},
  author = {Larra{\'i}n, Jorge},
  year = {2001},
  month = oct,
  publisher = {{LOM ediciones}},
  address = {{Santiago, Chile}},
  isbn = {956-282-399-7}
}

@article{luccaManuelGarretonInnovacion2021,
  title = {{Manuel A. Garret\'on y la innovaci\'on conceptual de los enclaves de la democracia}},
  author = {Lucca, Juan Bautista},
  year = {2021},
  month = dec,
  journal = {Cinta de moebio},
  number = {72},
  pages = {194--203},
  issn = {0717-554X},
  doi = {10.4067/s0717-554x2021000300194},
  abstract = {The Latin American social and political sciences, due to their role in the geopolitics of knowledge, have placed more emphasis on the empirical verification of exogenous theoretical and conceptual formulations, than on discovering how to describe from conceptual innovation. One of the exceptions to this peripheral development was the intellectual vocation of Latin Americanists to understand the change of regime from authoritarianism to democracy, called ``transitology''. In this disciplinary domain, one of the intellectual contributions to understand authoritarian locks and inheritances comes from the works of Manuel Antonio Garret\'on and the notion of "enclaves", which has been widely used but scarcely analyzed in epistemological and methodological terms. To do this, at first, we will analyze the genesis and itinerary in the formulation of this concept; then, we will give an account of the intellectual task to adjective the root concept and give rise to a classification around the types of enclaves; and, finally, we will observe the use and subsequent reformulation that the concept has had in Latin American political science to extend the domain of its applicability.},
  langid = {spanish},
  file = {C\:\\Users\\nacho\\Zotero\\storage\\DMDHVEHS\\Lucca - 2021 - Manuel A. Garretón y la innovación conceptual de l.pdf}
}

@article{Luna,
  title = {Chile's {{Crisis}} of {{Representation}}},
  author = {Luna, Juan Pablo},
  year = {2016},
  journal = {Journal of Democracy},
  volume = {27},
  number = {3},
  pages = {129--138},
  issn = {1086-3214},
  doi = {10.1353/jod.2016.0046},
  langid = {english}
}

@article{Lunaa,
  title = {Uprooted but {{Stable}}: {{Chilean Parties}} and the {{Concept}} of {{Party System Institutionalization}}},
  author = {Luna, Juan Pablo and Altman, David},
  year = {2011},
  file = {C\:\\Users\\nacho\\Zotero\\storage\\FB6F9MYE\\227720709_Uprooted_but_Stable_Chilean_Parties_and_the_Concept_of_Party_System_Institutionalizat.html}
}

@article{Lunab,
  title = {{\textquestiondown Notas para una autopsia? Los partidos pol\'iticos en el Chile actual}},
  author = {Luna, Juan Pablo and Rosenblatt, Fernando},
  year = {2012},
  langid = {spanish},
  file = {C\:\\Users\\nacho\\Zotero\\storage\\VNIQ3EY7\\Luna and Rosenblatt - ¿Notas para una autopsia Los partidos políticos e.pdf}
}

@article{Mardones,
  title = {La Encrucijada de La Democracia Chilena {{RMardones}}},
  author = {Mardones, Roberto},
  year = {2014},
  month = jan,
  journal = {Papel Pol\'itico},
  abstract = {Este art\'iculo, seg\'un la importancia y complejidad que tiene la precisi\'on conceptual en las ciencias sociales, tiene por objetivo someter a discusi\'on el concepto de desafecci\'on pol\'itica. Este concepto corresponde a un fen\'omeno que se identifica a},
  langid = {english},
  file = {C\:\\Users\\nacho\\Zotero\\storage\\D8HFVLGL\\La_encrucijada_de_la_democracia_chilena_RMardones.html}
}

@phdthesis{Martinez,
  title = {La Cultura Pol\'itica Subnacional: Los Casos de {{Aguascalientes}} y {{San Luis Potos\'i}} 2001-2008},
  author = {Mart{\'i}nez, Daniela},
  year = {2012}
}

@inbook{Mattes,
  title = {Support for {{Democracy}}},
  booktitle = {Oxford {{Research Encyclopedia}} of {{Politics}}},
  author = {Mattes, Robert},
  year = {2018},
  month = jun,
  publisher = {{Oxford University Press}},
  doi = {10.1093/acrefore/9780190228637.013.622},
  abstract = {With the worldwide wave of democratization, scholars interested in the preservation of these new democracies dusted off old theories of regime maintenance. While commonly based on the assumption that democracy requires democrats, researchers proceeded in different directions, depending on their image of the ideal democrat. Four decades later, we now know a great deal about who supports democracy, and why. However, the state of our knowledge is incomplete at the point where it matters the most. As might be expected in any emerging area of research, different sets of scholars based their research instruments on contrasting understandings of what it means to be a democrat, and how democrats are best identified and measured. More importantly, they proceeded from differing understandings and under-specified theories as to why democrats are important, how many are needed, and how they actually affect the level and stability of democracy. Thus, while the intuition that democracy requires democrats is strong, the actual state of our evidence is still mixed, at best.},
  collaborator = {Mattes, Robert},
  isbn = {978-0-19-022863-7},
  langid = {english},
  file = {C\:\\Users\\nacho\\Zotero\\storage\\Q99BG2C7\\Mattes - 2018 - Support for Democracy.pdf}
}

@book{Merino,
  title = {{Los Partidos y la transformaci\'on pol\'itica de Am\'erica Latina}},
  author = {Merino, Manuel A. Garret{\'o}n and Ba{\~n}o, Rodrigo},
  year = {1993},
  publisher = {{Grupo de Trabajo Partidos Pol\'iticos-CLACSO}},
  address = {{[Santiago, Chile]}},
  langid = {spanish},
  keywords = {Latin America -- Politics and government -- 1980-},
  annotation = {Open Library ID: OL843614M}
}

@article{MoralesQuiroga,
  title = {Evaluando La Confianza Institucional En {{Chile}}: {{Una}} Mirada Desde Los Resultados {{LAPOP}}},
  shorttitle = {Evaluando La Confianza Institucional En {{Chile}}},
  author = {Morales Quiroga, Mauricio},
  year = {2008},
  journal = {Revista de ciencia pol\'itica (Santiago)},
  volume = {28},
  number = {2},
  pages = {161--186},
  publisher = {{Pontificia Universidad Cat\'olica de Chile. Instituto de Ciencia Pol\'itica}},
  issn = {0718-090X},
  doi = {10.4067/S0718-090X2008000200007},
  file = {C\:\\Users\\nacho\\Zotero\\storage\\3AVV49IH\\scielo.html}
}

@article{Morlino,
  title = {{{EXPLICAR LA CALIDAD DEMOCR\'ATICA}}: \textquestiondown{{QU\'E TAN RELEVANTES SON LAS TRADICIONES AUTORITARIAS}}?},
  shorttitle = {{{EXPLICAR LA CALIDAD DEMOCR\'ATICA}}},
  author = {Morlino, Leonardo},
  year = {2007},
  journal = {Revista de ciencia pol\'itica (Santiago)},
  volume = {27},
  number = {2},
  pages = {3--22},
  publisher = {{Pontificia Universidad Cat\'olica de Chile. Instituto de Ciencia Pol\'itica}},
  issn = {0718-090X},
  doi = {10.4067/S0718-090X2007000300001},
  file = {C\:\\Users\\nacho\\Zotero\\storage\\399TYXQG\\Morlino - 2007 - EXPLICAR LA CALIDAD DEMOCRÁTICA ¿QUÉ TAN RELEVANT.pdf}
}

@article{Navia,
  title = {Participaci\'on Electoral En {{Chile}}, 1988-2001},
  author = {Navia, Patricio},
  year = {2004},
  journal = {Revista de ciencia pol\'itica (Santiago)},
  volume = {24},
  number = {1},
  pages = {81--103},
  publisher = {{Pontificia Universidad Cat\'olica de Chile. Instituto de Ciencia Pol\'itica}},
  issn = {0718-090X},
  doi = {10.4067/S0718-090X2004000100004},
  file = {C\:\\Users\\nacho\\Zotero\\storage\\K6UCAFV9\\Navia - 2004 - Participación electoral en Chile, 1988-2001.pdf}
}

@book{Norris,
  title = {Electoral {{Engineering}}: {{Voting Rules}} and {{Political Behavior}}},
  shorttitle = {Electoral {{Engineering}}},
  author = {Norris, Pippa and Norris, McGuire Lecturer in Comparative Politics Pippa},
  year = {2004},
  month = feb,
  publisher = {{Cambridge University Press}},
  abstract = {From Kosovo to Kabul, the last decade witnessed growing interest in ?electoral engineering?. Reformers have sought to achieve either greater government accountability through majoritarian arrangements or wider parliamentary diversity through proportional formula. Underlying the normative debates are important claims about the impact and consequences of electoral reform for political representation and voting behavior. The study compares and evaluates two broad schools of thought, each offering contracting expectations. One popular approach claims that formal rules define electoral incentives facing parties, politicians and citizens. By changing these rules, rational choice institutionalism claims that we have the capacity to shape political behavior. Alternative cultural modernization theories differ in their emphasis on the primary motors driving human behavior, their expectations about the pace of change, and also their assumptions about the ability of formal institutional rules to alter, rather than adapt to, deeply embedded and habitual social norms and patterns of human behavior.},
  googlebooks = {ve4vY9ZosRMC},
  isbn = {978-0-521-53671-4},
  langid = {english},
  keywords = {Political Science / General,Political Science / Political Process / Campaigns \& Elections,Political Science / Political Process / Political Parties}
}

@book{norrisCriticalCitizensGlobal1999,
  title = {Critical {{Citizens}}: {{Global Support}} for {{Democratic Government}}},
  shorttitle = {Critical {{Citizens}}},
  editor = {Norris, Edited by Pippa},
  year = {1999},
  month = may,
  publisher = {{Oxford University Press}},
  address = {{Oxford, New York}},
  abstract = {This stimulating book brings together a distinguished group of international scholars who develop a global analysis of issues that look at trends in established and newer democracies as we approach the end of the twentieth century. It also presents the first results of the 1995-7 World Values Study as well as drawing on an extensive range of comparative empirical evidence.              ,                This stimulating book brings together a distinguished group of international scholars who develop a global analysis of issues that look at trends in established and newer democracies as we approach the end of the twentieth century. It also presents the first results of the 1995-7 World Values Study as well as drawing on an extensive range of comparative empirical evidence.},
  isbn = {978-0-19-829568-6},
  file = {C\:\\Users\\nacho\\Zotero\\storage\\QJ8ED3BR\\critical-citizens-9780198295686.html}
}

@article{Parker,
  title = {Abstencionismo, Juventud y Pol\'itica En {{Chile}} Actual},
  author = {Parker, Cristian},
  year = {2003}
}

@article{Ramos-Zincke,
  title = {{Datos y relatos de la ciencia social como componentes de la producci\'on de realidad social}},
  author = {{Ramos-Zincke}, Claudio},
  year = {2014},
  month = dec,
  journal = {Convergencia},
  volume = {21},
  number = {66},
  pages = {151--177},
  publisher = {{Universidad Aut\'onoma del Estado de M\'exico, Facultad de Ciencias Pol\'iticas y Administraci\'on}},
  issn = {1405-1435},
  langid = {spanish},
  file = {C\:\\Users\\nacho\\Zotero\\storage\\CWBA3LJD\\Ramos-Zincke - 2014 - Datos y relatos de la ciencia social como componen.pdf}
}

@article{Rivera-Aguilera,
  title = {{J\'ovenes, multitud y estallido social en Chile}},
  author = {{Rivera-Aguilera}, Guillermo and Imas, Miguel and {Jimenez-D{\'i}az}, Luis},
  year = {2021},
  month = apr,
  journal = {Revista Latinoamericana de Ciencias Sociales, Ni\~nez y Juventud},
  volume = {19},
  number = {2},
  pages = {1--24},
  issn = {2027-7679, 1692-715X},
  doi = {10.11600/rlcsnj.19.2.4543},
  abstract = {(anal\'itico)El 18 de octubre de 2019, miles de j\'ovenes chilenos salieron a las calles para exigir una sociedad m\'as justa, iniciando un proceso de cambio constitucional y de ciudadan\'ia. Este art\'iculo analiza ese proceso centr\'andose en las estrategias disruptivas de los y las j\'ovenes para impugnar los espacios p\'ublicos en los primeros meses de protesta. Con esta finalidad se realiz\'o una etnograf\'ia durante diez semanas \textemdash octubre a diciembre del 2019\textemdash -, en las ciudades de Santiago y Valpara\'iso. Los resultados muestran que estos j\'ovenes se identifican como parte de una multitud que ha experimentado un despertar ciudadano, exigiendo mayor participaci\'on social. Se concluye que este despertar refleja las tendencias sociales de las juventudes de otras partes del mundo, que igualmente disputan y exigen transformaciones sociales en las democracias liberales. Palabras clave: Conflicto social, movimiento de protesta, movimiento juvenil.},
  langid = {spanish},
  file = {C\:\\Users\\nacho\\Zotero\\storage\\L6NJBBXG\\Rivera-Aguilera et al. - 2021 - Jóvenes, multitud y estallido social en Chile.pdf}
}

@article{Sanhueza,
  title = {Democracia En {{Latinoam\'erica}}: \textquestiondown{{Qu\'e}} Factores Influyen En La Satisfacci\'on y Apoyo a La {{Democracia}}?},
  shorttitle = {Democracia En {{Latinoam\'erica}}},
  author = {Sanhueza, Cristian Eduardo Alister and Cea S{\'a}nchez, Constanza},
  year = {2015},
  file = {C\:\\Users\\nacho\\Zotero\\storage\\78DGA5QB\\220471845.html}
}

@article{Schneider,
  title = {Cultura Pol\'itica: Un Concepto Atravesado Por Dos Enfoques},
  shorttitle = {Cultura Pol\'itica},
  author = {Schneider, Cecilia and Avenburg, Karen},
  year = {2015},
  month = jun,
  journal = {Postdata},
  volume = {20},
  number = {1},
  pages = {109--131},
  publisher = {{Grupo Interuniversitario Postdata}},
  issn = {1851-9601},
  file = {C\:\\Users\\nacho\\Zotero\\storage\\P57UN54E\\Schneider and Avenburg - 2015 - Cultura política un concepto atravesado por dos e.pdf;C\:\\Users\\nacho\\Zotero\\storage\\DGJ86CJD\\scielo.html}
}

@article{Siavelisa,
  title = {Enclaves de La Transici\'on y Democracia Chilena},
  author = {Siavelis, Peter M.},
  year = {2009},
  journal = {Revista de ciencia pol\'itica (Santiago)},
  volume = {29},
  number = {1},
  pages = {3--21},
  publisher = {{Pontificia Universidad Cat\'olica de Chile. Instituto de Ciencia Pol\'itica}},
  issn = {0718-090X},
  doi = {10.4067/S0718-090X2009000100001},
  file = {C\:\\Users\\nacho\\Zotero\\storage\\4K5UVM7J\\Siavelis - 2009 - Enclaves de la transición y democracia chilena.pdf;C\:\\Users\\nacho\\Zotero\\storage\\2HALVD2U\\scielo.html}
}

@article{Sola-Morales,
  title = {{Abstenci\'on pol\'itica y nuevas formas de participaci\'on pol\'itica de los j\'ovenes: An\'alisis comparativo entre Chile y Espa\~na}},
  shorttitle = {{Abstenci\'on pol\'itica y nuevas formas de participaci\'on pol\'itica de los j\'ovenes}},
  author = {{Sola-Morales}, Salom{\'e} and {Hern{\'a}ndez-Santaolalla}, V{\'i}ctor},
  year = {2017},
  month = jun,
  journal = {Revista Latina de Comunicaci\'on Social},
  number = {72},
  pages = {629--648},
  issn = {1138-5820},
  doi = {10.4185/RLCS-2017-1183},
  abstract = {Introduction. The objective of this research is to explore the relationship between the voter turnout and the new forms of participation of young Chileans and Spaniards, as well their perception about politics and the forms of participation which seem most relevant to them. Methodology. In order to do this, a comparative analysis between the two countries, with a sample of 928 university students between the ages of 18 and 24 is realized. Results. The data showed some distrust of the current democratic system. Additionally, while voter turnout decreases in Chile and Spain, other unconventional \textendash offline and online\textendash{} political activities increase. Conclusions. Definitively, young people are seeking greater participation as citizens in political affairs. Likewise, although many students use social networks as channels to keep abreast of the activities of politicians, this use is still low compared to that of other public figures.},
  copyright = {Derechos de autor 2021 Revista Latina de Comunicaci\'on Social},
  langid = {spanish},
  keywords = {ciencia,cine,Comunicación,Comunicación Interdisciplinar,Redes de comunicación,Revista},
  file = {C\:\\Users\\nacho\\Zotero\\storage\\UBQ2E59A\\Sola-Morales and Hernández-Santaolalla - 2017 - Abstención política y nuevas formas de participaci.pdf}
}

@article{Sola-Moralesa,
  title = {Abstenci\'on Pol\'itica y Nuevas Formas de Participaci\'on Pol\'itica de Los J\'ovenes: {{An\'alisis}} Comparativo Entre {{Chile}} y {{Espa\~na}}.},
  author = {{Sola-Morales}, Salom{\'e} and {Hern{\'a}ndez-Santaolalla}, V{\'i}ctor},
  year = {2017},
  journal = {Revista Latina de Comunicaci\'on Social},
  file = {C\:\\Users\\nacho\\Zotero\\storage\\HX74V6EY\\33es.html}
}

@article{Somma,
  title = {Shifting {{Relationships Between Social Movements}} and {{Institutional Politics}}. (in {{Donoso}} and von {{B\"ulow}} (Eds.), {{Social Movements}} in {{Chile}}, {{New York}}: {{Palgrave McMillan}})},
  shorttitle = {Somma and {{Medel}} 2017. {{Shifting Relationships Between Social Movements}} and {{Institutional Politics}}. (in {{Donoso}} and von {{B\"ulow}} (Eds.), {{Social Movements}} in {{Chile}}, {{New York}}},
  author = {Somma, Nicol{\'a}s M. and Medel, Rodrigo},
  year = {2017},
  pages = {30--61},
  abstract = {This chapter studies the changes in the relations between social movements and institutional politics in contemporary Chile, with a focus on the student, Mapuche, and environmental movements. We make two claims. First, the increase in collective},
  langid = {english},
  file = {C\:\\Users\\nacho\\Zotero\\storage\\NXJFFQJV\\Somma and Medel - 2017 - Shifting Relationships Between Social Movements an.pdf;C\:\\Users\\nacho\\Zotero\\storage\\WFSAM87E\\Somma_and_Medel_2017._Shifting_Relationships_Between_Social_Movements_and_Institutional_Politic.html}
}

@incollection{Sommaa,
  title = {Somma and {{Bargsted}} 2015. {{La}} Autonomizaci\'on de La Protesta En {{Chile}} (Final Version)},
  author = {Somma, Nicol{\'a}s and Bargsted, Mat{\'i}as},
  year = {2015},
  month = jan,
  pages = {207--240},
  abstract = {Este cap\'itulo argumenta que durante las \'ultimas dos d\'ecadas se ha producido en Chile un proceso de autonomizaci\'on de la protesta, esto es, una creciente desconexi\'on entre los movimientos sociales y la institucionalidad pol\'itica formal, particularmente la de centro-izquierda. Rastreamos este proceso emp\'iricamente en dos niveles. Por una parte, consideramos desde un punto de vista hist\'orico c\'omo variados movimientos sociales y los partidos de centroizquierda se han distanciado progresivamente en t\'erminos de objetivos y estrategias durante las \'ultimas dos d\'ecadas. Por otra, empleamos datos de la Encuesta Mundial de Valores para demostrar que la asociaci\'on estad\'istica entre variadas formas de participaci\'on en protesta y m\'ultiples indicadores de afecci\'on pol\'itica han decrecido sistem\'aticamente con el paso el tiempo, aunque no necesariamente en forma lineal. Argumentamos que para explicar este proceso deben considerarse, al menos, dos factores claves. En primer lugar, las caracter\'isticas espec\'ificas de la institucionalidad pol\'itica imperante, tales como el sistema binomial o la ausencia de mecanismos vinculantes de democracia directa, han permitido que los principales partidos pol\'iticos chilenos aseguren su sobrevivencia sin tener que apoyarse directamente sobre la sociedad civil organizada. Segundo, cambios en disponibilidad de recursos econ\'omicos y sociales, as\'i como en la configuraci\'on val\'orica de la poblaci\'on, han permitido e incentivado que los mismos movimientos sociales no busquen apoyo en las estructuras partidistas tradicionales.},
  file = {C\:\\Users\\nacho\\Zotero\\storage\\VU27G682\\Somma and Bargsted - 2015 - Somma and Bargsted 2015. La autonomización de la p.pdf}
}

@article{Toro,
  title = {La Inscripci\'on Electoral de Los J\'ovenes En {{Chile}}: {{Factores}} de Incidencia y Aproximaciones al Debate},
  shorttitle = {La Inscripci\'on Electoral de Los J\'ovenes En {{Chile}}},
  author = {Toro, Sergio},
  year = {2007},
  month = jan,
  journal = {Sergio Y. Toro},
  file = {C\:\\Users\\nacho\\Zotero\\storage\\3ULEYUDS\\Toro - 2007 - La inscripción electoral de los jóvenes en Chile .pdf}
}

@misc{venegasGuiaAnalisisCuantitativo2022,
  title = {Gu\'ia de An\'alisis Cuantitativo},
  author = {Venegas, Mart{\'i}n},
  year = {2022},
  month = aug,
  abstract = {repositorio para guia grupo 3 udp}
}

@incollection{Zarzuri,
  title = {Las Transformaciones En La Participaci\'on Pol\'itica de Los J\'ovenes En El {{Chile}} Actual},
  booktitle = {La Gran Ruptura},
  author = {Zarzuri, Ra{\'u}l},
  year = {2016},
  edition = {First},
  publisher = {{LOM Ediciones}}
}

@article{zarzuriDespolitizacionRepolitizacionPolitica2020,
  title = {De La Despolitizaci\'on a La Repolitizaci\'on. {{Pol\'itica}}, J\'ovenes y Vida Cotidiana},
  author = {Zarzuri, Ra{\'u}l},
  year = {2020},
  month = jan,
  abstract = {Aqu\'i de nuevo, hay que librarse de las ideas preconcebidas, en particular de la idea que la \'unica acci\'on pol\'itica es la de los partidos, que implica consejeros municipales, diputados, etc. \textquestiondown Cu\'al fue el evento pol\'itico m\'as importante en Francia},
  langid = {english}
}

@misc{zotero-117,
  title = {{{ResearchGate}}},
  howpublished = {https://www.researchgate.net/publication/28147868\_Democratas\_y\_nostalgicos\_del\_antiguo\_regimen\_Los\_apoyos\_a\_la\_democracia\_en\_Chile/link/5616892908ae0f214007254f/download}
}

@techreport{zotero-174,
  type = {Techreport}
}

@misc{zotero-93,
  title = {Revisiones Sistem\'aticas y Meta-An\'alisis En {{Ciencias Sociales}} y {{Humanidades}} | {{Zenodo}}},
  howpublished = {https://zenodo.org/record/4777633},
  file = {C\:\\Users\\nacho\\Zotero\\storage\\LS645G8V\\4777633.html}
}
